<?xml version="1.0" encoding="utf-8"?>
<record xmlns="http://www.loc.gov/MARC21/slim" xmlns:xsi="http://www.w3.org/2001/XMLSchema-instance" xsi:schemaLocation="http://www.loc.gov/MARC21/slim http://www.loc.gov/standards/marcxml/schema/MARC21slim.xsd">
	<leader>
		02493nam a2200409   4500
	</leader>
	<controlfield tag="001">
		001689340
	</controlfield>
	<controlfield tag="003">
		NNU
	</controlfield>
	<controlfield tag="006">
		m        d        
	</controlfield>
	<controlfield tag="007">
		cr cn |||m|||a
	</controlfield>
	<controlfield tag="008">
		160223s1892    ua      o     000 0 ara d
	</controlfield>
	<datafield ind1=" " ind2=" " tag="040">
		<subfield code="a">
			NNU
		</subfield>
		<subfield code="b">
			eng
		</subfield>
		<subfield code="c">
			NNU
		</subfield>
	</datafield>
	<datafield ind1=" " ind2="4" tag="050">
		<subfield code="a">
			BP174
		</subfield>
		<subfield code="b">
			.Z8
		</subfield>
	</datafield>
	<datafield ind1=" " ind2=" " tag="066">
		<subfield code="c">
			(3
		</subfield>
	</datafield>
	<datafield ind1=" " ind2=" " tag="090">
		<subfield code="a">
			BP174
		</subfield>
		<subfield code="b">
			.Z8
		</subfield>
	</datafield>
	<datafield ind1="1" ind2=" " tag="100">
		<subfield code="6">
			880-01
		</subfield>
		<subfield code="a">
			Zurqānī, Muḥammad ibn ʻAbd al-Bāqī,
		</subfield>
		<subfield code="d">
			1645-1710.
		</subfield>
	</datafield>
	<datafield ind1="0" ind2="0" tag="240">
		<subfield code="a">
			Sharḥ Muwaṭṭaʼ al-Imām Mālik
		</subfield>
	</datafield>
	<datafield ind1="1" ind2="0" tag="245">
		<subfield code="6">
			880-02
		</subfield>
		<subfield code="a">
			Min sharḥ khātimat al-muḥaqqiqīn wa-imām al-ʻārifīn Muḥammad al-Zurqānī ʻalá ṣaḥīḥ al-Muwaṭṭaʼ li-Mālik ibn Anas
		</subfield>
		<subfield code="h">
			[electronic resource] :
		</subfield>
		<subfield code="b">
			wa-bihāmishihi Ṣaḥī ḥ sunan al-Muṣṭafá li-Abī Dāʼūd Sulaymān ibn al-Ashʻath al-Sijistānī.
		</subfield>
	</datafield>
	<datafield ind1=" " ind2=" " tag="260">
		<subfield code="6">
			880-03
		</subfield>
		<subfield code="a">
			Miṣr :
		</subfield>
		<subfield code="b">
			al-Maṭbaʻah al-Khayrīyah,
		</subfield>
		<subfield code="c">
			1892.
		</subfield>
	</datafield>
	<datafield ind1=" " ind2=" " tag="300">
		<subfield code="a">
			online resource (4 v.)
		</subfield>
	</datafield>
	<datafield ind1=" " ind2=" " tag="500">
		<subfield code="a">
			Volume 3 discarded.
		</subfield>
	</datafield>
	<datafield ind1=" " ind2=" " tag="500">
		<subfield code="a">
			Part of the Arabic Collections Online (ACO) project, contributed by New York Univeristy Libraries.
		</subfield>
	</datafield>
	<datafield ind1=" " ind2=" " tag="533">
		<subfield code="a">
			Electronic reproduction.
		</subfield>
		<subfield code="b">
			New York, N.Y. :
		</subfield>
		<subfield code="c">
			New York University,
		</subfield>
		<subfield code="d">
			2016.
		</subfield>
		<subfield code="5">
			NNU
		</subfield>
	</datafield>
	<datafield ind1=" " ind2="0" tag="650">
		<subfield code="a">
			Religious life
		</subfield>
		<subfield code="x">
			Islam.
		</subfield>
	</datafield>
	<datafield ind1=" " ind2="0" tag="650">
		<subfield code="a">
			Islam
		</subfield>
		<subfield code="x">
			Customs and practices.
		</subfield>
	</datafield>
	<datafield ind1="0" ind2="0" tag="600">
		<subfield code="6">
			880-04
		</subfield>
		<subfield code="a">
			Mālik ibn Anas,
		</subfield>
		<subfield code="d">
			d. 795.
		</subfield>
		<subfield code="t">
			Muwaṭṭaʼ.
		</subfield>
	</datafield>
	<datafield ind1="1" ind2=" " tag="700">
		<subfield code="6">
			880-05
		</subfield>
		<subfield code="a">
			Abū Dāʼūd, Sulaymān ibn al-Ashʻath,
		</subfield>
		<subfield code="d">
			817-889.
		</subfield>
		<subfield code="t">
			Ṣaḥīḥ sunan al-Muṣṭafá.
		</subfield>
	</datafield>
	<datafield ind1="2" ind2=" " tag="710">
		<subfield code="a">
			New York University.
		</subfield>
		<subfield code="b">
			Libraries.
		</subfield>
	</datafield>
	<datafield ind1="0" ind2=" " tag="730">
		<subfield code="a">
			Arabic Collections Online.
		</subfield>
	</datafield>
	<datafield ind1="0" ind2="8" tag="776">
		<subfield code="i">
			Print version:
		</subfield>
		<subfield code="a">
			Zurqānī, Muḥammad ibn ʻAbd al-Bāqī, 1645-1710.
		</subfield>
		<subfield code="t">
			Min sharḥ khātimat al-muḥaqqiqīn wa-imām al-ʻārifīn Muḥammad al-Zurqānī ʻalá ṣaḥīḥ al-Muwaṭṭaʼ li-Mālik ibn Anas
		</subfield>
		<subfield code="w">
			(NNU)001689340
		</subfield>
	</datafield>
	<datafield ind1="4" ind2="0" tag="856">
		<subfield code="u">
			http://hdl.handle.net/2333.1/cz8w9ktk
		</subfield>
	</datafield>
	<datafield ind1="1" ind2=" " tag="880">
		<subfield code="6">
			100-01/
		</subfield>
		<subfield code="a">
			زرقانى، محمد بن عبد الباقى.
		</subfield>
	</datafield>
	<datafield ind1="1" ind2="0" tag="880">
		<subfield code="6">
			245-02/
		</subfield>
		<subfield code="a">
			من شرح خاتمة المحققين وامام العارفي محمد الزرقانى على صحيح الموطأ لمالك بن أنس :
		</subfield>
		<subfield code="b">
			وبهامشه صحيح سنن المصطفى لأبى داود سليمان بن الأشعث السجستانى.
		</subfield>
	</datafield>
	<datafield ind1=" " ind2=" " tag="880">
		<subfield code="6">
			260-03/
		</subfield>
		<subfield code="a">
			مصر :
		</subfield>
		<subfield code="b">
			المطبعة الخيرية،
		</subfield>
		<subfield code="c">
			١٨٩٢.
		</subfield>
	</datafield>
	<datafield ind1="0" ind2="0" tag="880">
		<subfield code="6">
			600-04/
		</subfield>
		<subfield code="a">
			مالك بن أنى.
		</subfield>
	</datafield>
	<datafield ind1="1" ind2=" " tag="880">
		<subfield code="6">
			700-05/
		</subfield>
		<subfield code="a">
			أبو داود، سليمان بن الأشعث،
		</subfield>
		<subfield code="d">
			٨١٧-٨٨٩.
		</subfield>
		<subfield code="t">
			صحيح سنن الوصطفى.
		</subfield>
	</datafield>
	<datafield ind1=" " ind2=" " tag="959">
		<subfield code="a">
			NNU
		</subfield>
		<subfield code="b">
			WEB
		</subfield>
		<subfield code="c">
			GENI
		</subfield>
		<subfield code="t">
			0
		</subfield>
		<subfield code="m">
			Electronic access
		</subfield>
		<subfield code="s">
			01
		</subfield>
	</datafield>
	<datafield ind1=" " ind2=" " tag="999">
		<subfield code="i">
			NNU_001689340
		</subfield>
		<subfield code="s">
			nyu_aco001724:v.1
		</subfield>
		<subfield code="s">
			nyu_aco001725:v.2
		</subfield>
		<subfield code="s">
			nyu_aco001726:v.4
		</subfield>
		<subfield code="e">
			(ERROR-880)
		</subfield>
	</datafield>
</record>
